@misc{opengrm,
	title = {OpenGrm.org}, 
 	howpublished = {\url{http://www.opengrm.org/}}
}
  
@misc{openfst,
 	title = {OpenFst.org}, 
 	howpublished = {\url{http://www.openfst.org/}}
}

@article{einstein,
	author =       "Lev Ratinov and Dan Roth",
	title =        "Design Challenges and Misconceptions in Named Entity Recognition",
	journal =      "CoNLL",
	pages =        "147â€“155",
	year =         "2009",
	DOI =          "http://dx.doi.org/10.1002/andp.19053221004"
}

@inproceedings{DesignChallenges,
	author = {Ratinov, Lev and Roth, Dan},
	title = {Design Challenges and Misconceptions in Named Entity Recognition},
	booktitle = {CoNLL},
	year = {2009},
	isbn = {978-1-932432-29-9},
	location = {Boulder, Colorado},
	pages = {147--155},
	numpages = {9},
	url = {http://dl.acm.org/citation.cfm?id=1596374.1596399},
	acmid = {1596399},
	publisher = {Association for Computational Linguistics},
} 